<marcxml:record xmlns:marcxml="http://www.loc.gov/MARC21/slim" xmlns:idx="info:lc/xq-modules/lcindex" xmlns:madsrdf="http://www.loc.gov/mads/rdf/v1#" xmlns:ri="http://id.loc.gov/ontologies/RecordInfo#" xmlns:xlink="http://www.w3.org/1999/xlink" xmlns:rdf="http://www.w3.org/1999/02/22-rdf-syntax-ns#" xmlns:mets="http://www.loc.gov/METS/" xmlns:semtriples="http://marklogic.com/semantic" xmlns:xsi="http://www.w3.org/2001/XMLSchema-instance" xmlns:streams="info:lc/streams#">
            <marcxml:leader>00978cz  a2200265n  4500</marcxml:leader>
            <marcxml:controlfield tag="001">n87127972</marcxml:controlfield>
            <marcxml:controlfield tag="003">DLC</marcxml:controlfield>
            <marcxml:controlfield tag="005">20170427073854.0</marcxml:controlfield>
            <marcxml:controlfield tag="008">870916n| azannaabn          |a ana      </marcxml:controlfield>
            <marcxml:datafield tag="010" ind1=" " ind2=" ">
              <marcxml:subfield code="a">n  87127972 </marcxml:subfield>
            </marcxml:datafield>
            <marcxml:datafield tag="034" ind1=" " ind2=" ">
              <marcxml:subfield code="d">E0063700</marcxml:subfield>
              <marcxml:subfield code="e">E0063700</marcxml:subfield>
              <marcxml:subfield code="f">N0362200</marcxml:subfield>
              <marcxml:subfield code="g">N0362200</marcxml:subfield>
              <marcxml:subfield code="2">other</marcxml:subfield>
            </marcxml:datafield>
            <marcxml:datafield tag="035" ind1=" " ind2=" ">
              <marcxml:subfield code="a">(OCoLC)oca01978390</marcxml:subfield>
            </marcxml:datafield>
            <marcxml:datafield tag="040" ind1=" " ind2=" ">
              <marcxml:subfield code="a">DLC</marcxml:subfield>
              <marcxml:subfield code="b">eng</marcxml:subfield>
              <marcxml:subfield code="e">rda</marcxml:subfield>
              <marcxml:subfield code="c">DLC</marcxml:subfield>
              <marcxml:subfield code="d">DLC</marcxml:subfield>
              <marcxml:subfield code="d">OCoLC</marcxml:subfield>
              <marcxml:subfield code="d">CSt</marcxml:subfield>
            </marcxml:datafield>
            <marcxml:datafield tag="043" ind1=" " ind2=" ">
              <marcxml:subfield code="a">f-ae---</marcxml:subfield>
            </marcxml:datafield>
            <marcxml:datafield tag="151" ind1=" " ind2=" ">
              <marcxml:subfield code="a">Constantine (Algeria)</marcxml:subfield>
            </marcxml:datafield>
            <marcxml:datafield tag="451" ind1=" " ind2=" ">
              <marcxml:subfield code="w">nnaa</marcxml:subfield>
              <marcxml:subfield code="a">Constantine, Algeria (City)</marcxml:subfield>
            </marcxml:datafield>
            <marcxml:datafield tag="451" ind1=" " ind2=" ">
              <marcxml:subfield code="a">Cirta (Algeria)</marcxml:subfield>
            </marcxml:datafield>
            <marcxml:datafield tag="451" ind1=" " ind2=" ">
              <marcxml:subfield code="a">Qusanṭīnah (Algeria)</marcxml:subfield>
            </marcxml:datafield>
            <marcxml:datafield tag="670" ind1=" " ind2=" ">
              <marcxml:subfield code="a">Musée du Louvre. Dép. des antiq. orien. Les stèles puniques de Constantine, 1987:</marcxml:subfield>
              <marcxml:subfield code="b">p. 14 (Constantine, ancient Cirta)</marcxml:subfield>
            </marcxml:datafield>
            <marcxml:datafield tag="670" ind1=" " ind2=" ">
              <marcxml:subfield code="a">LC data base, 09-16-87</marcxml:subfield>
              <marcxml:subfield code="b">(hdg.: Constantine, Algeria (City))</marcxml:subfield>
            </marcxml:datafield>
            <marcxml:datafield tag="670" ind1=" " ind2=" ">
              <marcxml:subfield code="a">Col. Lipp. gaz.</marcxml:subfield>
              <marcxml:subfield code="b">(Constantine, anc. Cirta, city, cap. of Constantine dept., NE Algeria)</marcxml:subfield>
            </marcxml:datafield>
            <marcxml:datafield tag="670" ind1=" " ind2=" ">
              <marcxml:subfield code="a">BGN 09-11-87</marcxml:subfield>
              <marcxml:subfield code="b">(Constantine, ppl, 36°22ʹN, 6°37ʹE)</marcxml:subfield>
            </marcxml:datafield>
            <marcxml:datafield tag="781" ind1=" " ind2="0">
              <marcxml:subfield code="z">Algeria</marcxml:subfield>
              <marcxml:subfield code="z">Constantine</marcxml:subfield>
            </marcxml:datafield>
          </marcxml:record>
